<?xml version="1.0" encoding="UTF-8"?><collection xmlns="http://www.loc.gov/MARC21/slim"><record><leader>00342nam--2200121-i-4500</leader><controlfield tag="001">000003684</controlfield><controlfield tag="002">20161230</controlfield><controlfield tag="005">20161230201025</controlfield><controlfield tag="008">060222s1000------------r-----000-0-eng-d</controlfield><datafield ind1=" " ind2=" " tag="100"><subfield code="a">Corciovei, A</subfield></datafield><datafield ind1=" " ind2=" " tag="245"><subfield code="a">Curba de absorbtie in fenomenul de inductie magnetica nucleara</subfield></datafield><datafield ind1=" " ind2=" " tag="260"><subfield code="a">Bucuresti, Editura Academiei Rpr, 1957 P. 56-83</subfield></datafield><datafield ind1=" " ind2=" " tag="852"><subfield code="a">4769</subfield></datafield></record></collection>